<record><leader>00000cas a2200000 a 4500</leader><controlfield tag="001">12429046</controlfield><controlfield tag="008">850827d18941923utuwr ne      0   a0eng c</controlfield><datafield ind1=" " ind2=" " tag="010"><subfield code="a">sn 85058217 </subfield></datafield><datafield ind1=" " ind2=" " tag="040"><subfield code="a">UNP</subfield><subfield code="b">eng</subfield><subfield code="c">UNP</subfield><subfield code="d">UBY</subfield><subfield code="d">DLC</subfield><subfield code="d">OCLCQ</subfield><subfield code="d">OCLCF</subfield></datafield><datafield ind1=" " ind2=" " tag="012"><subfield code="l">a</subfield></datafield><datafield ind1="1" ind2=" " tag="022"><subfield code="a">2157-3441</subfield><subfield code="2">1</subfield></datafield><datafield ind1=" " ind2=" " tag="042"><subfield code="a">pcc</subfield><subfield code="a">nsdp</subfield></datafield><datafield ind1=" " ind2=" " tag="043"><subfield code="a">n-us-ut</subfield></datafield><datafield ind1="0" ind2="0" tag="050"><subfield code="a">Newspaper</subfield></datafield><datafield ind1=" " ind2="4" tag="222"><subfield code="a">The Coalville times</subfield><subfield code="b">(Coalville, Utah)</subfield></datafield><datafield ind1="0" ind2="4" tag="245"><subfield code="a">The Coalville times.</subfield></datafield><datafield ind1=" " ind2=" " tag="260"><subfield code="a">Coalville, Utah :</subfield><subfield code="b">Times Pub. Co.</subfield></datafield><datafield ind1=" " ind2=" " tag="300"><subfield code="a">v. :</subfield><subfield code="b">ill. ;</subfield><subfield code="c">56 cm.</subfield></datafield><datafield ind1=" " ind2=" " tag="310"><subfield code="a">Weekly</subfield></datafield><datafield ind1="1" ind2=" " tag="362"><subfield code="a">Began with Feb. 16, 1894 issue; ceased in Oct. 1923?</subfield><subfield code="z">Cf. Alter, J.C. Early Utah journalism.</subfield></datafield><datafield ind1=" " ind2=" " tag="525"><subfield code="a">Supplements issued June 17-July 1, 1898, Apr. 7, 1911, July 28, 1911, May 3-10, 1912, and July 12-19, 1912.</subfield></datafield><datafield ind1=" " ind2=" " tag="525"><subfield code="a">"Agricultural College of Utah" supplement issed Aug. 24, 1906.</subfield></datafield><datafield ind1=" " ind2=" " tag="530"><subfield code="a">Archived issues are available in digital format as part of the Library of Congress Chronicling America online collection.</subfield></datafield><datafield ind1=" " ind2=" " tag="588"><subfield code="a">Description based on: Vol. 1, no. 24 (July 20, 1894).</subfield></datafield><datafield ind1=" " ind2="0" tag="651"><subfield code="a">Coalville (Utah)</subfield><subfield code="v">Newspapers.</subfield></datafield><datafield ind1=" " ind2="0" tag="651"><subfield code="a">Summit County (Utah)</subfield><subfield code="v">Newspapers.</subfield></datafield><datafield ind1=" " ind2="7" tag="655"><subfield code="a">Newspapers.</subfield><subfield code="2">fast</subfield><subfield code="0">(OCoLC)fst01423814</subfield></datafield><datafield ind1=" " ind2="7" tag="651"><subfield code="a">Utah</subfield><subfield code="z">Coalville.</subfield><subfield code="2">fast</subfield><subfield code="0">(OCoLC)fst01296829</subfield></datafield><datafield ind1=" " ind2="7" tag="651"><subfield code="a">Utah</subfield><subfield code="z">Summit County.</subfield><subfield code="2">fast</subfield><subfield code="0">(OCoLC)fst01218286</subfield></datafield><datafield ind1=" " ind2=" " tag="752"><subfield code="a">United States</subfield><subfield code="b">Utah</subfield><subfield code="c">Summit</subfield><subfield code="d">Coalville.</subfield></datafield><datafield ind1="0" ind2="0" tag="785"><subfield code="t">Summit County bee (Coalville, Utah : 1923)</subfield><subfield code="w">(DLC)sn 85058218</subfield><subfield code="w">(OCoLC)12429071</subfield></datafield><datafield ind1="4" ind2="1" tag="856"><subfield code="u">http://www.loc.gov/chroniclingamerica/lccn/sn85058217/issues</subfield></datafield></record>